@article{fama_efficient_market,
  title={Efficient Capital Markets: A Review of Theory and Empirical Work},
  author={Eugene Fama},
  journal={Journal of Finance},
  volume={25},
  number={2},
  pages={383-417},
  year={1970},
}

@article{high-frequencyGAN,
  title={Stock Market Prediction on High-Frequency Data Using Generative Adversarial Nets},
  author={X Zhou and others},
  journal={Mathematical Problems in Engineering},
  volume={2018},
  year={2018},
  publisher={Hindawi}
}
  
@article{stockprediction_datamining,
    title={Developing an approach to evaluate stocks by forecasting effective features with data mining methods},
    author={Sasan Barak, Mohammad Modarres},
    journal={Expert Systems with Applications},
    volume={42},
    issue={3},
    pages={1325--1339},
    year={2015},
    publisher={Elsevier}
}

@article{box_jenkins,
    title={Time series analysis},
    subtitle={Forecasting and control},
    author={George Box, Gwilym Jenkins},
    year={1970}
} 